@article{Smith2020,
  author    = {Smith, John and Doe, Jane},
  title     = {A Groundbreaking Study on [Topic]},
  journal   = {Journal of Important Research},
  year      = {2020},
  volume    = {10},
  number    = {2},
  pages     = {100-120},
  doi       = {10.1234/example.doi}
}

@book{Jones2018,
  author    = {Jones, Alice},
  title     = {The Definitive Guide to [Topic]},
  publisher = {Academic Press},
  year      = {2018},
  isbn      = {978-0123456789}
}

@inproceedings{Brown2022,
  author    = {Brown, Peter and White, Sarah},
  title     = {New Insights into [Topic]},
  booktitle = {Proceedings of the International Conference on [Conference Name]},
  year      = {2022},
  pages     = {50-60}
}